% Encoding: UTF-8

@Misc{zhang2017-slides,
	author       = {Zhang, Qin},
	title        = {B669 Sublinear Algorithms for Big Data (Fall 2017)},
	howpublished = {Web Page},
	month        = feb,
	year         = {2017},
	note         = {Accessed: 2018-01-28},
	url          = { 
	http://homes.soic.indiana.edu/qzhangcs/B669-17-fall-sublinear/index.html}
}

@Misc{Cha2015-notes,
	author       = {Chakrabarti, Amit},
	title        = {Data Stream Algorithms Lecture Notes, Fall 2011},
	howpublished = {Web Page},
	month        = sep,
	year         = {2011},
	note         = {Accessed: 2018-01-28},
	url          = { 
	http://www.cs.dartmouth.edu/~ac/Teach/data-streams-lecnotes.pdf}
}

@Misc{Nel2015-web,
	author       = {Nelson,Jelani},
	title        = {CS 229r: Algorithms for Big Data},
	howpublished = {Web Page},
	month        = sep,
	year         = {2015},
	note         = {Accessed: 2018-01-28},
	url          = { 
	http://people.seas.harvard.edu/~minilek/cs229r/fall15/index.html}
}

@inproceedings{AGM2012-analyzing,
	author = {Ahn, Kook Jin and Guha, Sudipto and McGregor, Andrew},
	title = {Analyzing Graph Structure via Linear Measurements},
	booktitle = {Proceedings of the Twenty-third Annual ACM-SIAM 
	Symposium on Discrete Algorithms},
	series = {SODA '12},
	year = {2012},
	location = {Kyoto, Japan},
	pages = {459--467},
	numpages = {9},
	url = {http://dl.acm.org/citation.cfm?id=2095116.2095156},
	acmid = {2095156},
	publisher = {Society for Industrial and Applied Mathematics},
	address = {Philadelphia, PA, USA},
} 

@inproceedings{AGM2012-graph,
	author = {Ahn, Kook Jin and Guha, Sudipto and McGregor, Andrew},
	title = {Graph Sketches: Sparsification, Spanners, and Subgraphs},
	booktitle = {Proceedings of the 31st ACM SIGMOD-SIGACT-SIGAI 
	Symposium on Principles of Database Systems},
	series = {PODS '12},
	year = {2012},
	isbn = {978-1-4503-1248-6},
	location = {Scottsdale, Arizona, USA},
	pages = {5--14},
	numpages = {10},
	url = {http://doi.acm.org/10.1145/2213556.2213560},
	doi = {10.1145/2213556.2213560},
	acmid = {2213560},
	publisher = {ACM},
	address = {New York, NY, USA},
	keywords = {data streams, graph sketching, spanners, sparsification, 
	subgraphs},
} 

@book{MU-probability,
	author = {Mitzenmacher, M and Upfal, Eli},
	year = {2005},
	month = {01},
	pages = {},
	title = {Probability and Computing}
}

@Misc{Zhou-theory,
	author       = {Zhou,Yuan},
	title        = {Lecture 16: Class of Randomized Algorithms and 
	Derandomization},
	howpublished = {Web Page},
	month        = oct,
	year         = {2016},
	note         = {Accessed: 2018-03-20},
	url          = { 
	http://homes.soic.indiana.edu/yzhoucs/teaching/B609fa16/L16.pdf}
}

@article{Indyk2006-prg,
	author = {Indyk, Piotr},
	title = {Stable Distributions, Pseudorandom Generators, Embeddings, and 
	Data Stream Computation},
	journal = {J. ACM},
	issue_date = {May 2006},
	volume = {53},
	number = {3},
	month = may,
	year = {2006},
	issn = {0004-5411},
	pages = {307--323},
	numpages = {17},
	url = {http://doi.acm.org/10.1145/1147954.1147955},
	doi = {10.1145/1147954.1147955},
	acmid = {1147955},
	publisher = {ACM},
	address = {New York, NY, USA},
	keywords = {data streams, dimensionality reduction, embeddings, norms, 
	sketching},
}

@inproceedings{Nisan1990-prg,
	author = {Nisan, N.},
	title = {Pseudorandom Generators for Space-bounded Computations},
	booktitle = {Proceedings of the Twenty-second Annual ACM Symposium 
	on Theory of Computing},
	series = {STOC '90},
	year = {1990},
	isbn = {0-89791-361-2},
	location = {Baltimore, Maryland, USA},
	pages = {204--212},
	numpages = {9},
	url = {http://doi.acm.org/10.1145/100216.100242},
	doi = {10.1145/100216.100242},
	acmid = {100242},
	publisher = {ACM},
	address = {New York, NY, USA},
} 

@article{Flajolet85-f0,
	author = {Flajolet, Philippe and Martin, G. Nigel},
	title = {Probabilistic Counting Algorithms for Data Base Applications},
	journal = {J. Comput. Syst. Sci.},
	issue_date = {Sept. 1985},
	volume = {31},
	number = {2},
	month = sep,
	year = {1985},
	issn = {0022-0000},
	pages = {182--209},
	numpages = {28},
	url = {http://dx.doi.org/10.1016/0022-0000(85)90041-8},
	doi = {10.1016/0022-0000(85)90041-8},
	acmid = {5215},
	publisher = {Academic Press, Inc.},
	address = {Orlando, FL, USA},
} 

@article{AMS99,
	author = {Alon, Noga and Matias, Yossi and Szegedy, Mario},
	title = {The Space Complexity of Approximating the Frequency Moments},
	journal = {J. Comput. Syst. Sci.},
	issue_date = {Feb. 1999},
	volume = {58},
	number = {1},
	month = feb,
	year = {1999},
	issn = {0022-0000},
	pages = {137--147},
	numpages = {11},
	url = {http://dx.doi.org/10.1006/jcss.1997.1545},
	doi = {10.1006/jcss.1997.1545},
	acmid = {310314},
	publisher = {Academic Press, Inc.},
	address = {Orlando, FL, USA},
}

@inproceedings{BJKST02,
	author = {Bar-Yossef, Ziv and Jayram, T. S. and Kumar, Ravi and 
	Sivakumar, D. and Trevisan, Luca},
	title = {Counting Distinct Elements in a Data Stream},
	booktitle = {Proceedings of the 6th International Workshop on 
	Randomization and Approximation Techniques},
	series = {RANDOM '02},
	year = {2002},
	isbn = {3-540-44147-6},
	pages = {1--10},
	numpages = {10},
	url = {http://dl.acm.org/citation.cfm?id=646978.711822},
	acmid = {711822},
	publisher = {Springer-Verlag},
	address = {London, UK, UK},
} 

@inproceedings{KNW10,
	author = {Kane, Daniel M. and Nelson, Jelani and Woodruff, David P.},
	title = {An Optimal Algorithm for the Distinct Elements Problem},
	booktitle = {Proceedings of the Twenty-ninth ACM 
	SIGMOD-SIGACT-SIGART Symposium on Principles of Database Systems},
	series = {PODS '10},
	year = {2010},
	isbn = {978-1-4503-0033-9},
	location = {Indianapolis, Indiana, USA},
	pages = {41--52},
	numpages = {12},
	url = {http://doi.acm.org/10.1145/1807085.1807094},
	doi = {10.1145/1807085.1807094},
	acmid = {1807094},
	publisher = {ACM},
	address = {New York, NY, USA},
	keywords = {data mining, distinct elements, query optimization, streaming},
} 

@inproceedings{Woodruff04,
	author = {Woodruff, David},
	title = {Optimal Space Lower Bounds for All Frequency Moments},
	booktitle = {Proceedings of the Fifteenth Annual ACM-SIAM Symposium on 
	Discrete Algorithms},
	series = {SODA '04},
	year = {2004},
	isbn = {0-89871-558-X},
	location = {New Orleans, Louisiana},
	pages = {167--175},
	numpages = {9},
	url = {http://dl.acm.org/citation.cfm?id=982792.982817},
	acmid = {982817},
	publisher = {Society for Industrial and Applied Mathematics},
	address = {Philadelphia, PA, USA},
} 

@Misc{indyk07-web,
	author       = {Indyk, Piotr},
	title        = {6.895  Sketching, Streaming and Sub-linear Space Algorithms},
	howpublished = {Web Page},
	month        = sep,
	year         = {2007},
	note         = {Accessed: 2018-02-20},
	url          = { 
	http://stellar.mit.edu/S/course/6/fa07/6.895/},
}

@article{Bar-Yossef04,
	author = {Bar-Yossef, Ziv and Jayram, T. S. and Kumar, Ravi and 
	Sivakumar, D.},
	title = {An Information Statistics Approach to Data Stream and 
	Communication Complexity},
	journal = {J. Comput. Syst. Sci.},
	issue_date = {June 2004},
	volume = {68},
	number = {4},
	month = jun,
	year = {2004},
	issn = {0022-0000},
	pages = {702--732},
	numpages = {31},
	url = {http://dx.doi.org/10.1016/j.jcss.2003.11.006},
	doi = {10.1016/j.jcss.2003.11.006},
	acmid = {1016208},
	publisher = {Academic Press, Inc.},
	address = {Orlando, FL, USA},
} 

@inproceedings{IndykW05,
	author = {Indyk, Piotr and Woodruff, David},
	title = {Optimal Approximations of the Frequency Moments of Data 
	Streams},
	booktitle = {Proceedings of the Thirty-seventh Annual ACM Symposium on 
	Theory of Computing},
	series = {STOC '05},
	year = {2005},
	isbn = {1-58113-960-8},
	location = {Baltimore, MD, USA},
	pages = {202--208},
	numpages = {7},
	url = {http://doi.acm.org/10.1145/1060590.1060621},
	doi = {10.1145/1060590.1060621},
	acmid = {1060621},
	publisher = {ACM},
	address = {New York, NY, USA},
	keywords = {frequency moments, streaming algorithms},
} 

@article{CMS76,
	ISSN = {01621459},
	URL = {http://www.jstor.org/stable/2285309},
	abstract = {A new algorithm is presented for simulating stable random 
	variables on a digital computer for arbitrary characteristic exponent 
	<latex>$\alpha(0 < \alpha \leq 2)$</latex> and skewness parameter β(-1 ≤ 
	β ≤ 1). The algorithm involves a nonlinear transformation of two 
	independent uniform random variables into one stable random variable. 
	This stable random variable is a continuous function of each of the 
	uniform random variables, and of α and a modified skewness parameter β' 
	throughout their respective permissible ranges.},
	author = {J. M. Chambers and C. L. Mallows and B. W. Stuck},
	journal = {Journal of the American Statistical Association},
	number = {354},
	pages = {340--344},
	publisher = {[American Statistical Association, Taylor & Francis, Ltd.]},
	title = {A Method for Simulating Stable Random Variables},
	volume = {71},
	year = {1976}
}

@MISC{Andoni13highfrequency,
	author = {Alexandr Andoni},
	title = {High frequency moments via max-stability},
	year = {2012}
}

@techreport{Misragries1982,
	author = {Misra, Jayadev and Gries, David},
	title = {Finding Repeated Elements},
	year = {1982},
	source = 
	{http://www.ncstrl.org:8900/ncstrl/servlet/search?formname=detail\&id=oai%3Ancstrlh%3Acornellcs%3ACORNELLCS%3ATR82-505},
	publisher = {Cornell University},
	address = {Ithaca, NY, USA},
} 

@inproceedings{Metwally05,
	author = {Metwally, Ahmed and Agrawal, Divyakant and El Abbadi, Amr},
	title = {Efficient Computation of Frequent and Top-k Elements in Data Streams},
	booktitle = {Proceedings of the 10th International Conference on Database Theory},
	series = {ICDT'05},
	year = {2005},
	isbn = {3-540-24288-0, 978-3-540-24288-8},
	location = {Edinburgh, UK},
	pages = {398--412},
	numpages = {15},
	url = {http://dx.doi.org/10.1007/978-3-540-30570-5_27},
	doi = {10.1007/978-3-540-30570-5_27},
	acmid = {2131596},
	publisher = {Springer-Verlag},
	address = {Berlin, Heidelberg},
} 

@article{Cormode05,
	author = {Cormode, Graham and Muthukrishnan, S.},
	title = {An Improved Data Stream Summary: The Count-min Sketch and Its Applications},
	journal = {J. Algorithms},
	issue_date = {April 2005},
	volume = {55},
	number = {1},
	month = apr,
	year = {2005},
	issn = {0196-6774},
	pages = {58--75},
	numpages = {18},
	url = {http://dx.doi.org/10.1016/j.jalgor.2003.12.001},
	doi = {10.1016/j.jalgor.2003.12.001},
	acmid = {1073718},
	publisher = {Academic Press, Inc.},
	address = {Duluth, MN, USA},
} 

@inproceedings{Charikar02,
	author = {Charikar, Moses and Chen, Kevin and Farach-Colton, Martin},
	title = {Finding Frequent Items in Data Streams},
	booktitle = {Proceedings of the 29th International Colloquium on Automata, Languages 
	and Programming},
	series = {ICALP '02},
	year = {2002},
	isbn = {3-540-43864-5},
	pages = {693--703},
	numpages = {11},
	url = {http://dl.acm.org/citation.cfm?id=646255.684566},
	acmid = {684566},
	publisher = {Springer-Verlag},
	address = {Berlin, Heidelberg},
} 

@article{Gilbert03,
	author = {Gilbert, Anna C. and Kotidis, Yannis and Muthukrishnan, S. and Strauss, Martin 
	J.},
	title = {One-Pass Wavelet Decompositions of Data Streams},
	journal = {IEEE Trans. on Knowl. and Data Eng.},
	issue_date = {March 2003},
	volume = {15},
	number = {3},
	month = mar,
	year = {2003},
	issn = {1041-4347},
	pages = {541--554},
	numpages = {14},
	url = {http://dx.doi.org/10.1109/TKDE.2003.1198389},
	doi = {10.1109/TKDE.2003.1198389},
	acmid = {776779},
	publisher = {IEEE Educational Activities Department},
	address = {Piscataway, NJ, USA},
	keywords = {Data streams, wavelets, randomized algorithms, approximate queries.},
} 

@inproceedings{Jowhari11,
	author = {Jowhari, Hossein and Sa\u{g}lam, Mert and Tardos, G\'{a}bor},
	title = {Tight Bounds for Lp Samplers, Finding Duplicates in Streams, and Related 
	Problems},
	booktitle = {Proceedings of the Thirtieth ACM SIGMOD-SIGACT-SIGART Symposium on 
	Principles of Database Systems},
	series = {PODS '11},
	year = {2011},
	isbn = {978-1-4503-0660-7},
	location = {Athens, Greece},
	pages = {49--58},
	numpages = {10},
	url = {http://doi.acm.org/10.1145/1989284.1989289},
	doi = {10.1145/1989284.1989289},
	acmid = {1989289},
	publisher = {ACM},
	address = {New York, NY, USA},
	keywords = {finding duplicates, sampling, streaming algorithms},
} 

@Misc{mcgregor2012-slides,
	author       = {McGregor, Andrew},
	title        = {CMPSCI 711: More Advanced Algorithms},
	howpublished = {Web Page},
	month        = feb,
	year         = {2012},
	note         = {Accessed: 2018-05-20},
	url          = { 
	https://people.cs.umass.edu/~mcgregor/711S12/lec-1-4.pdf}
}

@article{Cormode14,
	author = {Cormode, Graham and Firmani, Donatella},
	title = {A Unifying Framework for \&\#8467;0-sampling Algorithms},
	journal = {Distrib. Parallel Databases},
	issue_date = {September 2014},
	volume = {32},
	number = {3},
	month = sep,
	year = {2014},
	issn = {0926-8782},
	pages = {315--335},
	numpages = {21},
	url = {http://dx.doi.org/10.1007/s10619-013-7131-9},
	doi = {10.1007/s10619-013-7131-9},
	acmid = {2631080},
	publisher = {Kluwer Academic Publishers},
	address = {Hingham, MA, USA},
	keywords = {Data summarization, Distinct elements, Graph sketches, Sampling},
} 

@inproceedings{Karger94,
	author = {Karger, David R.},
	title = {Random Sampling in Cut, Flow, and Network Design Problems},
	booktitle = {Proceedings of the Twenty-sixth Annual ACM Symposium on 
	Theory of Computing},
	series = {STOC '94},
	year = {1994},
	isbn = {0-89791-663-8},
	location = {Montreal, Quebec, Canada},
	pages = {648--657},
	numpages = {10},
	url = {http://doi.acm.org/10.1145/195058.195422},
	doi = {10.1145/195058.195422},
	acmid = {195422},
	publisher = {ACM},
	address = {New York, NY, USA},
} 

@inproceedings{Fung11,
	author = {Fung, Wai Shing and Hariharan, Ramesh and Harvey, Nicholas 
	J.A. and Panigrahi, Debmalya},
	title = {A General Framework for Graph Sparsification},
	booktitle = {Proceedings of the Forty-third Annual ACM Symposium on 
	Theory of Computing},
	series = {STOC '11},
	year = {2011},
	isbn = {978-1-4503-0691-1},
	location = {San Jose, California, USA},
	pages = {71--80},
	numpages = {10},
	url = {http://doi.acm.org/10.1145/1993636.1993647},
	doi = {10.1145/1993636.1993647},
	acmid = {1993647},
	publisher = {ACM},
	address = {New York, NY, USA},
	keywords = {edge connectivity, graph sparsification, sampling},
} 